
@Article{melo2016,
 author = {Melo, Willian Augusto de and Alves, Juliane Inácio and Ferreira, Aline Aparecida da Silva and Souza, Verusca Soares de and Maran, Edilaine},
 title = {Gestação de alto risco: fatores associados em município do noroeste paranaense.},
 year = {2016},
 issn = {1517-7130, 0103-3832},
 edition = {1st},
 publisher = {Espaço para a Saúde - Revista de Saúde Pública do Paraná},
 DOI = {10.22421/1517-7130.2016v17n1p83},
 Pages = {83}
} 

@Article{dalla2016,
 author = {Dalla Costa, Lediana and Cales Cura, Caroline and Rodrigues Perondi, Alessandro and França Vivian, Francielle and Schiavoni Bortoloti, Durcelina},
 title = {Perfil Epidemiol\'{o}gico de Gestantes de Alto Risco.},
 year = {2016},
 issn = {2176-9133},
 edition = {2},
 publisher = {Cogitare Enfermagem},
 DOI = {10.5380/ce.v21i2.44192}
} 

@Article{holness2018,
 author = {Holness, Nola},
 title = {High-Risk Pregnancy},
 year = {2018},
 volume = {52},
 edition = {2},
 publisher = {Nursing Clinics of North America},
 issn = {00296465},
 Pages = {241-251}
} 

@Article{lee2014,
 author = {Lee, Suzanne},
 title = {Risk perception in women with high-risk pregnancies},
 year = {2014},
 volume = {22},
 edition = {1},
 publisher = {Clinical Practice},
 Pages = {6}
} 

@Article{bayrampour2013,
author = {Bayrampour, Hamideh and Heaman,Maureen and Duncan,Karen A. and Tough, Tough  },
title = {Predictors of Perception of Pregnancy Risk among Nulliparous Women},
year = {2013},
volume = {42},
edition = {4},
pages = {416-427},
issn = {08842175},
publisher = {Journal of Obstetric, Gynecologic \& Neonatal Nursing},
DOI = {10.1111/1552-6909.12215}
} 

@Article{rodrigues2016,
 author = {Rodrigues, Paula Barbosa and Zambaldi, Carla Fonseca and Cantilino, Amaury and Sougey, Everton Botelho },
 title = {Special features of high-risk pregnancies as factors in development of mental distress: a review},
 year = {2016},
volume = {38},
edition = {3},
pages = {136-140},
 issn = {2237-6089},
 publisher = {Trends in Psychiatry and Psychotherapy},
 DOI = {10.1590/2237-6089-2015-0067}
} 

@Article{carvalheira2010,
 author = {Carvalheira, Ana Paula Pinho and Tonete, Vera Lúcia Pamplona and Parada, Cristina Maria Garcia de Lima},
 title = {Feelings and Perceptions of Women in the Pregnancy-Puerperal Cycle Who Survived Severe Maternal Morbidity},
 year = {2010},
volume = {18},
edition = {6},
pages = {1187-1194},
 issn = {0104-1169},
 publisher = {Rev. Latino-Am. Enfermagem},
 DOI = {10.1590/S0104-11692010000600020}
} 

@ONLINE{valadares2018,
    author = "Valadares, Carolina",
    title  = "Ministério da Saúde investe na redução da mortalidade materna",
    month  = "may",
    year   = "2018",
    url    = "http://www.saude.gov.br/noticias/agencia-saude/43325-ministerio-da-saude-investe-na-reducao-da-mortalidade-materna"
}

@ONLINE{manualTecnico:2012,
    author = "Ministério da Sa\'{u}de, Secretaria de Atenção à Saúde, Departamento de Ações Programáticas Estratégicas",
    title  = "Gestação de alto risco: manual técnico",
    year   = "2012",
    url    = "http://bvsms.saude.gov.br/bvs/publicacoes/manual_tecnico_gestacao_alto_risco.pdf"
}

@Article{dourado2007,
 author = {Dourado, Viviani Guilherme and Pelloso, Sandra Marisa},
 title = {Gravidez de alto risco: o desejo e a programação de uma gestação},
 year = {2007},
volume = {20},
edition = {1},
pages = {69-74},
 issn = {0103-2100},
 publisher = {Acta Paulista de Enfermagem},
 DOI = {10.1590/S0103-21002007000100012}
} 

@Article{santos2013,
 author = {Santos, Dialla Tâmara Alves dos and Campos, Carla Santana Mariano and Duarte, Maria Luisa},
 title = {Perfil das patologias prevalentes na gestação de alto risco em uma maternidade escola de {M}aceió, {A}lagoas, {B}rasil},
 year = {2013},
volume = {9},
edition = {30},
pages = {13-22},
 issn = {2179-7994, 1809-5909},
 publisher = {Revista Brasileira de Medicina de Família e Comunidade},
 DOI = {10.5712/rbmfc9(30)687}
} 

@Article{anjos2014,
 author = {Anjos, Joyce Carolina Silva dos and Pereira, Robert Rodrigues and Ferreira, Pedro Ruan Chaves and Mesquita,Taís Beltrão Paiva and PICANÇO JÚNIOR, Olavo Magalhães},
 title = {Perfil epidemiológico das gestantes atendidas em um centro de referência em pré-natal de alto risco.},
 year = {2014},
volume = {28},
 edition = {2},
 publisher = {Revista Paraense de Medicina},
 }
 
 @Article{kiely2011,
 author = {Kiely, Michele and El-Mohandes, Ayman A. E. and Gantz, Marie G. and Chowdhury, Dhuly and Thornberry, Jutta S. and El-Khorazaty, M. Nabil},
 title = {Understanding the Association of Biomedical, Psychosocial and Behavioral Risks with Adverse Pregnancy Outcomes Among African-Americans in Washington, DC},
 year = {2011},
volume = {15},
edition = {S1},
pages = {85-95},
 issn = {1092-7875, 1573-6628},
 publisher = {Maternal and Child Health Journal},
 DOI = {10.1007/s10995-011-0856-z}
} 


@Article{silva2014,
 author = {Silva, Michele Silveira da and Rosa, Mary Roseane Quirino Polli},
 title = {Perfil de gestantes de alto risco atendidas em um centro obstétrico de {S}anta {C}atarina},
 year = {2014},
volume = {7},
edition = {2},
pages = {95-102},
 issn = {ISSN 2317-5079},
 publisher = {R. Interd.}
} 

@Article{doddihal2015,
 author = {Doddihal, Chandrika},
 title = {Profile of High Risk Pregnancies Attending Antenatal Clinic in a Rural Area of {B}elgaum {D}istrict},
 year = {2015},
edition = {5},
pages = {5},
publisher = {International Journal of Health Sciences}
} 

@Article{oliveira2018,
 author = {Oliveira, Alane Cabral Menezess de and Pereira, Lidiane Almeida and Ferreira, Raphaela Costa and Clemente, Ana Paula Grotti},
 title = {Estado nutricional materno e sua associação com o peso ao nascer em gestações de alto risco},
 year = {2018},
volume = {23},
edition = {7},
pages = {95-102},
 issn = {1678-4561, 1413-8123},
 doi = {10.1590/1413-81232018237.12042016},
 publisher = {Ciênc. saúde coletiva}
} 

@article{atalah1998,
author = {Atalah, Eduardo and L, C. and S, R. and P, A.},
year = {1998},
month = {01},
pages = {1429-36},
title = {[Proposal of a new standard for the nutritional assessment of pregnant women]},
volume = {125},
journal = {Revista Médica de Chile}
}

@Article{paiva2012,
 author = {de Paiva, Letícia Vieira and Yamamoto Nomura, Roseli Mieko and Gonçalves Dias, Maria Carolina and Zugaib, Marcelo},
 title = {Obesidade materna em gestações de alto risco e complicações infecciosas no puerpério},
 year = {2012},
volume = {58},
edition = {4},
pages = {453-458},
 issn = {01044230},
 publisher = {Revista da Associação Médica Brasileira},
 DOI = {10.1590/S0104-42302012000400016}
} 
